2640 5010
254 726 608 778 uerruoaruoseou
634 728 706 780 ura.
730 730 812 782 xrv.
993 714 1082 781 1647

82 894 152 960 que
166 876 276 957 lugam
290 879 395 956 gestu,
418 873 462 936 ad
477 873 635 956 littusque
650 873 801 938 cucurri:

82 980 150 1044 rvi:
174 977 378 1058 Graiumque
392 976 475 1039 ratis
488 975 637 1058 Trojuna
651 977 785 1057 recepit.
1014 974 1081 1040 2²20

82 1100 182 1162 loque
197 1079 307 1162 pande
318 1083 405 1154 tuos,
418 1079 578 1141 comitum
593 1077 789 1158 gratissime,
805 1094 918 1155 casus,

82 1184 145 1257 cis,
157 1188 189 1244 et
201 1181 319 1254 turbae,
335 1199 412 1262 qnae
427 1187 536 1242 tecum
550 1177 675 1242 credita
688 1184 791 1260 ponto
806 1183 866 1242 est.

82 1282 151 1346 tlon
166 1283 221 1345 ille
232 1281 335 1344 refert
348 1279 463 1345 Tusco
478 1299 611 1361 regnare
627 1279 792 1362 profundo
806 1300 816 1359 ;

82 1403 107 1446 m
125 1382 352 1466 Hippotaden,
368 1381 580 1446 cohibentem
595 1400 728 1445 carcere
743 1387 883 1445 ventos:

89 1484 187 1547 bovis
202 1484 350 1546 inclusos
364 1490 471 1564 tergo,
486 1483 702 1546 memorabile
711 1501 841 1559 munus,
1014 1481 1081 1546 225

82 1583 176 1648 bium
191 1585 349 1649 sumsisse
362 1583 505 1648 ducem:
527 1584 675 1666 flatuque
690 1584 839 1647 seeundo
899 1623 905 1633 ·

82 1704 129 1747 rus
145 1685 213 1748 isse
227 1705 356 1762 novem,
372 1690 405 1748 et
419 1690 538 1749 terram
553 1685 730 1767 aspexisse
742 1686 899 1766 petitam:

82 1786 144 1848 ima
158 1792 233 1868 post
247 1805 367 1849 nouam
382 1805 458 1849 cnm
472 1805 547 1849 sese
561 1785 690 1850 Aurora
704 1791 851 1850 moveret
863 1807 873 1866 ;

81 1887 115 1949 ia
128 1888 238 1951 socios
253 1887 443 1970 praedaeque
456 1887 614 1970 cupidine
629 1886 759 1963 ductos,

82 2080 165 2123 wem
181 2090 232 2123 eam
243 2075 366 2125 discernor
375 2081 457 2138 gerlo,
474 2081 498 2124 et
508 2076 603 2125 excurre
613 2077 645 2125 ud
662 2076 744 2124 litter:
759 2077 871 2125 commori
889 2076 1001 2143 etiem
1014 2079 1083 2130 nerle

91 2141 178 2200 recepit
192 2142 310 2188 Groecum.
346 2141 380 2188 Tu
390 2141 472 2200 eliam,
482 2141 632 2189 dilectissime
645 2141 768 2199 melorum,
778 2154 865 2202 expone
874 2146 938 2189 tunm
949 2147 1043 2204 sortem,
1057 2149 1081 2192 et

82 2207 85 2227 ¹
95 2204 209 2263 egmirie,
219 2205 278 2266 qrrod
294 2208 370 2252 tecum
380 2204 524 2252 commissum
541 2209 576 2253 ert
586 2204 677 2266 pelago.
711 2204 756 2251 Ille
768 2209 849 2252 nerent
861 2206 956 2252 AEotum
967 2207 1081 2269 Hippone

82 2268 214 2314 alimum
224 2272 304 2314 uenter
318 2282 419 2327 earcere,
437 2268 560 2330 imperium
571 2268 654 2315 bebere
665 2268 692 2314 r'rr
712 2268 810 2315 ruscum
821 2282 901 2324 ranem
917 2284 973 2331 quor
991 2276 1082 2319 concine

83 2331 148 2377 turi
161 2333 241 2379 daem
253 2331 391 2379 Dulichium
401 2331 488 2392 eepieee
505 2333 590 2379 donum
607 2331 774 2394 magnifieum:
790 2335 859 2392 etque
875 2346 1023 2394 progressum
1034 2348 1081 2382 erre

82 2392 256 2456 lieberrflmnine
269 2394 381 2457 propitio,
401 2400 424 2442 et
442 2395 557 2443 intuitum
575 2409 622 2443 erre
637 2399 722 2442 terrem
734 2396 890 2443 desideratam
898 2411 907 2453 ,·
924 2411 975 2444 eum
986 2400 1082 2446 Aurora

82 2462 115 2506 id
125 2471 210 2506 rernm
221 2473 270 2506 me
281 2459 410 2521 exhiberet,
427 2459 523 2507 comiter
532 2459 645 2523 inpulsos
656 2458 754 2521 iteruin,
767 2463 791 2508 et
800 2459 915 2508 desiderio
932 2463 1028 2524 prede,
1036 2475 1081 2524 pa-

442 2584 618 2604 {W

82 2668 99 2714 rt
109 2664 148 2714 eie
160 2665 230 2726 vulg.
242 2664 348 2715 editum.
365 2666 411 2715 Pr.
423 2666 455 2715 V.
468 2672 495 2714 el
508 2681 572 2716 unus
584 2667 657 2717 Med.
667 2669 739 2717 Hane
750 2673 827 2717 temen
839 2685 888 2730 erp.
921 2668 1024 2719 Deinde
1036 2667 1081 2719 elii

82 2733 151 2778 -tlb
168 2730 222 2778 Pro
240 2735 309 2791 geete
325 2731 439 2796 quinque
452 2729 534 2780 Codd.
548 2732 656 2793 gemitu,-
673 2747 737 2780 unus
749 2736 815 2781 nutu.
848 2735 929 2782 Gran.
946 2737 977 2781 od
988 2735 1080 2797 littrrrp.

82 2796 158 2842 -221
170 2794 214 2841 Pr.
224 2794 284 2842 Bar.
292 2795 477 2859 eormfldr'rsime,
485 2798 612 2843 cua—222
620 2796 693 2844 Unus
702 2796 774 2844 Med.
784 2811 815 2844 ex
825 2797 923 2859 optimo
932 2797 1080 2859 descriptus

82 2871 108 2916 e,
118 2872 177 2919 pere.
186 2858 249 2906 Mox
260 2858 372 2908 Beroiln.
380 2873 431 2921 que
441 2864 486 2908 tee.
498 2863 533 2906 ert
544 2860 606 2907 cred.
614 2863 701 2919 ponto:
720 2859 841 2907 lleldelb.
850 2876 900 2921 que
908 2865 962 2908 tune
971 2866 1004 2907 est
1012 2875 1046 2909 er.
1054 2877 1080 2922 p.

82 2918 110 2969 lu
130 2921 281 2984 quibusdem
300 2924 362 2970 AEol.
382 2923 432 2985 ipre
451 2920 576 2982 ret-225
603 2922 684 2970 Gron.
703 2928 730 2970 et
748 2929 801 2970 tres
821 2924 863 2969 alii
888 2924 994 2970 urr'rnbile
1016 2938 1079 2973 runo.

82 2991 167 3032 lanus
179 2986 267 3033 Heius.
279 2986 401 3034 memorab.
411 2986 587 3048 pignus-227
604 2986 651 3034 Pr.
664 2987 725 3033 Bas.
743 2993 770 3034 et
788 2986 839 3033 duo
859 2987 938 3033 tiron.
948 3001 1028 3048 rupee.
1040 3003 1082 3048 pn·

82 3051 162 3097 —229
178 3048 210 3097 Io
222 3049 322 3099 duobus
332 3051 365 3099 V.
376 3056 404 3100 et
413 3051 518 3100 caelest.
528 3064 581 3115 esp.
592 3056 688 3114 repleor
704 3058 732 3099 et
743 3052 780 3098 eie
791 3050 869 3099 etiarn
879 3050 953 3099 urulti
963 3057 1027 3099 vett.
1038 3050 1084 3099 alii

406 3206 412 3218 ·
475 3191 581 3243 NOTAE

82 3293 178 3361 fugem]
195 3295 277 3346 Gertu
289 3296 414 3346 indicavit
425 3312 453 3346 re
464 3296 510 3345 mi·
550 3311 616 3357 mur,
627 3296 761 3361 imperinm
772 3306 870 3349 tenere.

82 3369 120 3419 ibi
139 3372 267 3435 relictum,
285 3380 362 3438 atque
381 3374 407 3422 iu
426 3373 511 3422 navim
582 3377 630 3421 22⁵
642 3374 757 3436 Inclusus]
772 3372 1081 3437 Possintnernngieeurte

82 3459 125 3497 ere
134 3447 226 3509 recipi.
551 3448 666 3497 eobreeri
687 3436 766 3510 venti,
782 3451 824 3498 vel
842 3462 888 3513 pro
906 3457 965 3498 voto
980 3449 1014 3498 ub
1031 3448 1080 3498 hee

82 3523 195 3586 umen]
220 3526 255 3574 Ut
274 3527 333 3575 lrine
352 3526 449 3586 AEueae,
466 3531 512 3575 eut
552 3527 598 3571 eut
615 3524 648 3571 nb
665 3523 710 3571 illa
729 3533 803 3588 parte
820 3524 913 3586 emitti,
930 3531 960 3573 ut
977 3524 1080 3588 qnidam

82 3600 172 3660 ’obtem
190 3602 333 3651 humanitas
350 3603 386 3651 eit
400 3602 511 3651 maxime
552 3596 650 3660 dicunt,
661 3600 724 3649 milri
735 3602 837 3664 quidem
848 3602 951 3650 videtur
962 3601 1082 3661 dublum,

82 3678 188 3739 :numqui
207 3677 306 3726 hortem
318 3679 511 3742 miseriamque
552 3691 794 3741 quenquamneque
811 3677 974 3739 impossibile.
1006 3677 1081 3724 AEolo

82 3753 102 3801 io
121 3751 224 3802 liberat.
246 3756 252 3780 ¹
265 3753 433 3816 Splendidam
452 3767 511 3815 pee·
551 3766 583 3800 ee
594 3759 709 3815 potestas
726 3751 786 3800 date
798 3759 847 3812 est,
859 3751 925 3815 quod
938 3751 1081 3801 certissime

89 3826 277 3889 imminerit,
293 3829 444 3892 loquacitati
458 3843 511 3879 rum
552 3842 639 3877 eornm
658 3835 774 3891 tempora
785 3834 863 3892 etque
878 3828 1001 3891 impetum
1020 3841 1080 3890 eog-

82 3902 223 3951 =ondonata
240 3911 319 3967 atque
331 3917 455 3952 concessa
466 3918 511 3966 pu-
552 3912 680 3966 nosceret,
689 3904 795 3968 aliisque
805 3905 938 3954 indiceret.
956 3902 1081 3952 Fabulam

87 3983 168 4040 atque
188 3977 213 4024 id
234 3985 344 4038 tuntum,
360 3978 511 4042 quibusdum
552 3979 584 4028 ud
603 3993 685 4028 mores
706 3979 726 4028 si
745 3979 1012 4042 tr·ansferar,dubium
1030 3992 1081 4028 non

82 4051 98 4099 il
111 4052 160 4114 ipsi
172 4067 247 4114 quiam
266 4052 394 4102 blaterare
412 4054 511 4102 volunt.
553 4063 594 4104 est
614 4055 685 4118 quiin,
705 4059 817 4104 maxima
835 4070 868 4104 ex
888 4061 962 4118 parte
980 4054 1081 4115 sellem,

82 4141 137 4175 reto
152 4125 239 4175 fictum
253 4143 324 4176 suum
340 4129 395 4178 sine
408 4144 436 4178 re
449 4131 513 4179 cnr·
552 4128 660 4196 allectus
672 4130 715 4193 qui
728 4130 855 4178 bominum
874 4138 973 4178 urentes
988 4142 1081 4177 conou-

82 4216 166 4252 romeu
184 4204 242 4253 illor
254 4203 386 4254 benefieiis
396 4206 513 4256 Etbuicir
553 4206 631 4266 tium,
641 4213 667 4254 et
678 4220 796 4272 persaepe
806 4206 963 4267 convellunt,
973 4202 1083 4266 ratione,
1103 4260 1107 4267 ,

82 4286 134 4340 nat,
143 4293 208 4342 qnos
215 4280 270 4342 jum
282 4278 326 4327 diu
338 4281 512 4342 hujuscemodi
552 4295 609 4342 quae
623 4294 667 4341 per
679 4279 779 4328 AEolum
798 4279 964 4340 significatur,
982 4276 1082 4340 possint

82 4368 136 4403 rum
148 4354 252 4416 judices
269 4355 325 4418 ipse
337 4355 454 4404 ebrietur
469 4354 512 4406 Je-
553 4356 667 4417 reprimi,
686 4362 764 4419 utque
783 4355 880 4403 utiliter
898 4367 944 4400 suo
964 4352 1020 4401 loeo
1037 4350 1083 4402 im·
1164 4352 1172 4369 ‘

82 4429 180 4494 guerit.
551 4433 629 4482 mitti.
647 4434 699 4482 Per
711 4440 811 4492 ventos,
823 4432 937 4492 insuper,
947 4444 1009 4479 eure
1020 4445 1082 4495 qrra·

82 4504 166 4568 hm]
187 4503 219 4554 Io
237 4520 308 4555 mare
326 4506 449 4568 Tuscum,
467 4505 512 4556 ubi
552 4507 590 4556 vie
602 4507 710 4555 leviores
727 4506 838 4569 populos
857 4505 878 4553 si
897 4505 969 4554 malls
988 4504 1084 4554 intelli·

85 4580 184 4634 insulas
196 4582 260 4632 ritas
278 4597 335 4634 esre
353 4597 431 4650 snpra
443 4582 511 4635 ridi·
552 4597 623 4648 gere,
634 4581 694 4647 quid
705 4596 738 4631 ex
750 4595 838 4631 eorunr
855 4582 960 4633 estibus
972 4582 1081 4639 orietur,
