2624 4972
169 632 255 703 1708
447 678 452 688 -
536 652 568 701 r.
590 650 711 710 ovrorr
733 650 896 708 ausurus

169 797 315 874 ParcIte,
329 797 502 872 mortales,
517 795 664 879 dapibus
679 802 838 859 temerare
851 793 1007 861 nefandis

168 899 331 982 Corpora.
375 896 462 960 Sunt
474 895 607 978 fruges;
634 901 712 960 sunt
726 894 926 961 deducentia
938 912 1050 960 ramea

169 999 437 1082 Penderepema
451 1016 525 1074 suo,
541 998 744 1080 tumidaeque
758 998 793 1060 in
807 999 931 1062 vitibus
942 1016 1045 1061 uvae:

169 1101 254 1164 Sunt
266 1101 379 1164 herbae
396 1099 529 1175 dulces:
552 1104 639 1177 sunt,
655 1120 731 1182 quae
746 1100 918 1165 mitescere
931 1098 1075 1175 flamma,

169 1199 361 1285 Mollirique
376 1207 508 1284 queunt.
553 1200 627 1264 Nee
644 1200 740 1264 vobis
755 1201 886 1264 lacteus
900 1201 1014 1264 humor

169 1301 325 1386 Eripitur,
340 1322 401 1366 nec
415 1303 512 1366 mella
526 1303 630 1387 thymi
644 1303 825 1366 redolentia
839 1301 963 1365 florem.

168 1403 318 1485 Prodiga
331 1404 480 1482 divitias,
494 1405 715 1488 alimentaque
730 1405 825 1468 mitia
836 1404 938 1469 tellus

169 1504 343 1586 Suggerit:
366 1511 466 1588 utque
480 1505 598 1589 epulas
612 1507 682 1570 sine
698 1506 792 1572 caede
807 1514 840 1571 et
853 1505 1011 1587 sanguine
1026 1501 1165 1586 praebet.

169 1603 277 1669 Came
291 1607 367 1670 ferae
383 1609 497 1671 sedant
506 1608 651 1692 jejunia:
674 1629 736 1672 nec
752 1616 858 1672 tamen
874 1626 1000 1671 omnes.

169 1705 308 1796 ¹Quippe
324 1728 441 1791 equus,
456 1713 491 1771 et
503 1709 662 1791 pecudes,
678 1715 890 1791 armentaque
903 1708 1048 1791 gramine
1064 1705 1189 1770 vivunt.

168 1806 217 1872 At
230 1808 354 1891 quibus
368 1811 532 1892 ingenium
546 1814 597 1873 est
611 1811 933 1893 immansuetumque
949 1809 1132 1889 ferumque,
1222 1801 1262 1867 85

168 1907 400 1994 Armeniaeque
414 1912 525 1992 tigres,
540 1912 891 1995 iracundique-leones,

169 2007 321 2094 Cumque
335 2013 424 2093 lupis
439 2010 519 2088 ursi,
535 2010 679 2093 dapibus
695 2031 770 2074 cum
786 2011 942 2093 sanguine
957 2006 1113 2090 gaudent.

168 2210 265 2259 corporo
283 2197 487 2261 epulis-scelestis.
520 2198 581 2247 duat
593 2158 691 2261 finges,
708 2204 762 2249 suat
777 2214 849 2262 pom
861 2191 1265 2256 eumcatiemmffldffl,

168 2264 238 2322 atque
248 2262 333 2310 ructui
344 2262 435 2321 turgidi
446 2263 470 2309 ia
481 2262 583 2311 sitien:
597 2269 654 2312 suat
667 2266 730 2313 oleru
741 2265 827 2320 »sitim
849 2267 903 2311 aaut
919 2276 971 2325 με
983 2259 1074 2322 mains
1081 2257 1144 2322 fleri
1160 2256 1265 2306 aetem

167 2320 224 2384 igne
234 2329 303 2386 atque
312 2325 428 2373 emolliri:
445 2340 517 2387 aeque
527 2328 562 2373 uc
572 2327 636 2375 vebia
646 2329 747 2389 totlitur,
759 2342 830 2390 aeque
838 2326 883 2373 mel
885 2325 1002 2385 fragrans
1004 2322 1068 2385 flore
1077 2320 1165 2384 thymi.
1194 2320 1266 2368 rem

168 2386 334 2446 &minucius
340 2388 429 2450 prabet
437 2404 491 2451 opes
499 2390 673 2439 satuentes
680 2409 688 2447 ,·
696 2397 719 2440 et
727 2391 822 2440 exultet
830 2391 926 2438 deficias
935 2388 985 2435 siue
995 2400 1050 2434 nece
1057 2391 1081 2434 et
1091 2399 1184 2432 cruore.
1201 2384 1266 2432 Fero

168 2451 259 2498 leairrat
270 2452 359 2509 samem
370 2454 497 2509 cornibuse
512 2468 584 2514 aeque
595 2461 674 2502 tumea
683 2470 768 2504 omnes.
803 2456 910 2516 ll'umque
920 2451 972 2514 equi
983 2455 1005 2497 et
1016 2465 1102 2510 greges
1117 2454 1141 2496 et
1159 2452 1267 2495 nements

167 2514 384 2563 sementariarum.
415 2521 450 2564 At
460 2518 536 2576 tigres
545 2519 671 2577 Ameatoe,
683 2525 706 2567 et
718 2518 843 2567 truculenti
854 2519 935 2576 teones,
945 2521 968 2562 et
978 2514 1029 2560 urai
1039 2528 1092 2560 enm
1102 2514 1176 2574 lupia,
1187 2510 1268 2575 quibu

168 2575 256 2626 indoles
265 2582 300 2625 est
310 2578 412 2627 madetis
421 2586 443 2627 et
455 2594 526 2642 saco,
535 2588 614 2630 emeat
626 2585 706 2646 epulas
715 2598 767 2631 cum
780 2581 900 2642 sungeias.
934 2578 1009 2627 flea!
1024 2583 1139 2639 quautam
1149 2581 1185 2624 est
1204 2574 1268 2635 aesca

626 2708 801 2727 ΝΜΜᾺ

167 2784 248 2848 opibus
260 2790 313 2835 tera.
330 2787 549 2837 Hamilcarem.
564 2788 744 2850 profanis—78
761 2788 879 2838 Quatuor
894 2801 951 2835 enm
970 2784 1085 2834 Berolin.
1098 2783 1267 2847 esttecum-

167 2849 230 2903 aaa:
247 2857 274 2897 et
286 2849 320 2899 Ο.
338 2855 461 2901 emmam.-
479 2852 557 2901 Liber
578 2853 681 2902 Caelest.
698 2861 725 2900 et
744 2853 854 2900 Briantii
867 2866 924 2900 cum
937 2864 987 2898 nno
1000 2848 1100 2897 Ciofan.
1112 2848 1208 2896 mitesc.
1217 2860 1268 2910 poa·

164 2918 238 2961 nat:
253 2921 347 2977 etseq.
360 2929 396 2963 rs.
416 2912 449 2962 Et
461 2917 551 2965 mollire
556 2916 655 2977 firmem,
666 2931 707 2963 aee
718 2915 768 2963 eod.
777 2933 784 2962 :
794 2915 844 2962 duo
856 2914 948 2975 scripti
961 2912 1075 2961 Emotlire
1086 2911 1199 2971 semem:
1217 2910 1268 2958 Ge·

167 2989 272 3026 aeveus.
289 2979 323 3025 Et
334 2980 414 3027 uxore
432 2984 533 3040 quecun
551 2980 674 3028 Heidelb.
686 2979 763 3026 etiam
773 2982 934 3039 queant-8⁰
951 2977 1044 3025 Florem
1056 2973 1159 3037 profert
1178 2975 1268 3023 Heius.

168 3054 201 3088 ex
214 3054 254 3103 pr.
267 3041 298 3089 R.
310 3042 410 3089 'floran
422 3043 550 3105 Bernegg.
562 3037 597 3092 'et
613 3043 703 3089 elecem
723 3041 797 3100 aliia3
812 3041 1023 3103 colmere-81
1036 3038 1154 3086 Berolirr.
1172 3040 1270 3086 suares·

168 3110 217 3165 loq.
233 3105 309 3157 dulcio
326 3106 440 3152 teu-sa
457 3105 522 3168 Arg.
541 3106 588 3153 aa.
606 3119 676 3154 corae
687 3109 719 3153 et.
753 3103 855 3152 Deinde
871 3118 919 3166 pro
938 3103 1037 3166 pretet,
1057 3101 1164 3165 quidam
1182 3102 1267 3160 hacid,

168 3173 196 3213 et
218 3179 282 3213 unias
302 3169 454 3216 tradet—83
472 3169 517 3216 Pr.
530 3170 597 3218 lllor.
611 3167 661 3226 fer.
678 3168 758 3216 sedeat
771 3168 882 3227 iti-8⁴
899 3168 1043 3216 Monimou
1062 3181 1142 3226 grem.
1158 3169 1268 3228 pmcuat.

168 3230 233 3276 -86
249 3229 410 3292 Armeniaque
428 3246 459 3279 aa
480 3241 590 3295 quatuor
615 3229 696 3280 Codd.
722 3245 781 3279 cunr
803 3230 915 3280 Norico:
933 3231 1002 3294 vulg.
1023 3227 1052 3276 ri
1068 3245 1112 3292 que
1132 3229 1267 3280 omittunt.

659 3400 769 3450 Nom

168 3514 228 3557 tur:
247 3521 335 3556 verum
356 3511 410 3573 quis
428 3513 493 3559 ausit
516 3525 548 3558 ea
568 3510 692 3572 mysteria
732 3512 777 3560 lras
789 3511 937 3574 spurcitias,
945 3523 995 3572 qua
1006 3508 1080 3558 breei
1092 3507 1266 3572 perfruemur.

168 3584 195 3632 in
213 3584 344 3632 helluones
358 3587 617 3649 pervulgare‚quales
633 3594 693 3634 sunt
763 3591 794 3637 to
815 3586 948 3647 remerare]
966 3586 998 3634 Id
1007 3598 1057 3632 non
1065 3599 1122 3633 esse
1131 3587 1268 3648 Scriptura

168 3661 691 3728 hodieplorimi‚quinilrilessenisiquod
732 3663 842 3726 probat:
876 3662 986 3723 Deoque
1011 3658 1091 3708 fauerit
1113 3675 1267 3710 eoncessum

169 3734 255 3796 gulam
274 3736 364 3784 titillat
381 3737 511 3786 brutorum
529 3754 599 3788 more
618 3748 691 3788 autu·
732 3738 810 3802 lapsis
826 3734 969 3784 hominibus
980 3735 1098 3798 quadam
1118 3736 1267 3800 indulgere,

168 3811 255 3858 mant?
293 3811 380 3859 Bonos
398 3827 486 3861 omnes
503 3815 632 3863 recordari
650 3818 693 3865 ad·
733 3828 790 3876 qnae
800 3813 871 3860 nulla
881 3819 956 3859 erant
964 3812 990 3859 in
1000 3812 1081 3874 priori
1090 3818 1174 3874 statu,
1183 3814 1266 3862 donec

167 3882 265 3943 hortor,
282 3883 397 3944 aesejam
409 3885 517 3945 pristina
534 3887 596 3935 sede
615 3896 693 3951 atque
733 3902 767 3935 ea
793 3886 871 3934 etiarn
897 3885 1001 3934 vanitas
1030 3886 1136 3949 penitus
1162 3889 1267 3937 aboles-

167 3957 314 4011 Beatisaima
329 3959 458 4006 pransione
476 3962 574 4021 oxrrles,
584 3963 694 4025 plurima
734 3971 784 4011 tur.

168 4034 254 4085 lnlroe
269 4032 347 4082 exilio
366 4034 535 4093 contraxisse,
548 4050 694 4097 quaeexua-
766 4041 799 4084 86
815 4037 944 4100 Armenia]
965 4038 1121 4089 Saeelssimae
1143 4041 1267 4092 dicuntur

168 4122 225 4160 mus
243 4107 365 4170 (lenique,
386 4113 521 4170 postquam
548 4109 581 4157 de
602 4111 694 4160 arbore
735 4112 1207 4177 qaaeiuiliisregionibusnascuutur.
1221 4119 1267 4166 Est

168 4185 231 4233 vita
253 4181 422 4244 redintegrati
445 4180 512 4242 apud
532 4183 629 4230 coelites
651 4186 694 4233 sle·
735 4193 821 4234 auteur
834 4184 955 4235 Armenia
968 4186 1037 4235 Asia
1050 4194 1187 4253 perampla
1196 4194 1267 4256 regio

168 4259 365 4325 gustaverimus.
414 4255 562 4318 Utcumque
600 4258 693 4307 nullam
735 4260 992 4322 &arrareCnspiuna
1010 4277 1068 4324 quae
1086 4265 1267 4317 hoeliel'urcis

168 4338 274 4398 sperent
290 4346 373 4395 neque
383 4329 510 4392 cogitent,
521 4329 565 4392 qni
579 4329 694 4380 incarne
734 4341 827 4397 paren
838 4335 897 4382 oiim
910 4336 957 4383 sub
968 4336 1071 4399 regibus
1084 4343 1267 4406 propulissent

168 4414 247 4471 atque
266 4406 390 4467 sanguine
408 4411 469 4453 snut
485 4402 606 4462 immersi,
616 4404 694 4454 vitam
733 4409 819 4474 magni
831 4410 948 4461 nominis.

170 4492 256 4539 tanes
266 4479 388 4531 babemm
399 4477 610 4544 pretiosissimam
621 4484 695 4530 astra
