2624 4972
682 332 689 353 l

9 683 12 689 .
120 611 216 693 18⁷0v
416 699 421 706 ¹
485 630 517 684 ι.
538 626 660 680 ovrnu
684 625 847 681 ussurus

119 772 304 839 Postmodo
319 771 495 838 creduntur
509 773 618 855 spatio
632 771 789 836 distantia
801 771 902 854 longo

160 875 330 959 Tempora
344 877 396 940 bis
411 875 505 959 quini
517 875 730 938 continuasse
746 873 832 938 Viri.

117 977 324 1045 Parnorsro
339 977 473 1055 mensis,
489 976 646 1060 Phrygiae
662 976 867 1041 contermina
881 972 996 1054 Matri,
1167 973 1202 1039 dd

162 1079 297 1163 Sospita
315 1077 461 1144 delubris
474 1077 594 1142 dicitur
608 1085 708 1140 aucta
720 1077 828 1142 novis.

119 1181 220 1247 Nunc
235 1183 292 1245 ubi
307 1181 371 1243 sint
384 1179 461 1256 illis,
478 1178 613 1262 quaeris,
629 1184 763 1242 sacrata
777 1175 950 1256 Kalendis,

160 1283 303 1365 Templa
318 1281 427 1344 Deael
449 1281 547 1362 longo
560 1280 765 1362 procubuere
778 1278 844 1344 die.

116 1381 234 1450 (latera
247 1402 288 1447 ne
303 1381 402 1447 simili
417 1381 575 1445 caderent
585 1377 753 1445 labefacta
768 1380 863 1444 ruina

159 1484 258 1550 Cavit
271 1484 393 1548 sacrati
408 1483 548 1567 prouida
562 1501 642 1547 cura
658 1482 787 1547 Ducis:

116 1585 186 1651 Sub
202 1607 268 1670 quo
282 1586 430 1651 delubris
443 1585 583 1650 sentitur
596 1584 691 1648 nulla
704 1588 872 1649 senectus.

160 1686 235 1752 Nec
251 1688 335 1751 satis
350 1693 403 1750 est
415 1687 579 1762 homines,
596 1685 721 1766 obligat
731 1684 792 1748 illo
808 1684 914 1749 Deos

115 1788 330 1873 Templorum
346 1789 486 1871 positor,
503 1787 702 1870 templorum
717 1792 833 1849 sancte
848 1790 1007 1868 repostor,

159 1889 212 1954 Sit
225 1890 374 1974 Superis,
389 1896 484 1970 opto,
504 1892 620 1985 mutua
634 1906 714 1951 cura
725 1888 783 1951 tui.

114 2043 195 2113 pestes
205 2042 310 2100 uapore
325 2037 441 2112 distentio
454 2034 860 2112 losgoirrterueiiew-Priseipio
870 2036 956 2111 ιιιιιίι
964 2035 1151 2099 momine«
1157 2036 1203 2089 lde·

111 2100 812 2226 ursui*
820 2102 1204 2230 summoue

112 2229 177 2276 suita
198 2233 302 2276 ιιιιιιιιι
321 2232 425 2276 aestuas
446 2230 546 2289 tempus,
565 2232 687 2290 prosperet
702 2242 731 2274 se
747 2233 824 2276 cutem
838 2231 916 2276 wluin
933 2234 1028 2278 nerent
1045 2230 1120 2279 ouili
1134 2232 1202 2279 reite.

113 2292 196 2353 Neque
216 2292 276 2338 sutis
296 2296 331 2339 eet
352 2291 470 2338 devincire
489 2293 609 2351 mortales,
627 2291 668 2337 ilie
689 2290 839 2340 demeretur
857 2293 929 2341 Deos.
964 2293 1106 2358 AEdr‘fientor
1119 2296 1202 2353 adise,

112 2359 190 2403 nnete
200 2356 323 2404 restitutor
333 2354 490 2415 delubrorum,
501 2355 579 2418 cupio,
589 2360 615 2402 ut
631 2353 664 2401 eit
682 2355 739 2403 Diis
753 2371 809 2404 mero
820 2356 857 2403 tui
867 2358 994 2420 reciproco.
1030 2358 1078 2406 Dii
1091 2359 1202 2422 prebeat

573 2482 617 2500 ΙΝ
620 2480 748 2501 W

109 2567 222 2611 ast-51
241 2564 364 2615 Meliores
376 2566 455 2625 esissg
471 2567 552 2616 ceteri
563 2570 704 2617 eruut-dt
722 2566 795 2614 Unus
807 2565 943 2627 Codquin.
954 2567 1104 2616 cauterem
1119 2566 1200 2618 v.-u

112 2626 184 2674 Unus
196 2627 288 2677 Heius.
299 2635 410 2680 costam.
429 2632 593 2682 lintris-56
610 2632 641 2681 ln
661 2631 704 2679 Fr.
723 2635 819 2692 suaet
836 2636 906 2678 necto
921 2645 968 2692 pro
988 2646 1040 2679 var.
1054 2633 1117 2680 lect.
1149 2630 1202 2678 Tres

111 2690 193 2738 Codd.
204 2693 282 2741 etiam
294 2700 363 2743 uucto
373 2697 493 2745 suis—57
511 2696 555 2746 Sic
567 2697 635 2759 vrrlg.
646 2694 694 2743 nisi
705 2694 773 2758 qood
785 2709 856 2757 quoer.
866 2695 900 2742 ill.
919 2696 1019 2743 inverso
1032 2697 1133 2744 ordine.
1160 2694 1200 2742 Ur·

109 2756 157 2803 sin.
174 2755 234 2805 Pat.
253 2767 280 2806 et
290 2760 392 2822 plurimi
405 2760 485 2811 Codd.
498 2775 556 2809 curn
570 2775 607 2823 pr.
626 2757 693 2809 Edd.
711 2759 748 2807 ub.
758 2765 811 2806 sust
823 2758 858 2807 ill.
875 2774 927 2820 quoe
937 2765 991 2806 eust
1002 2775 1065 2808 socr.
1100 2762 1172 2808 Voss.
1180 2766 1201 2804 et

110 2833 156 2868 ser
168 2820 212 2868 alii
222 2822 260 2870 ub.
277 2825 325 2872 sint
337 2825 371 2871 ill.
381 2825 476 2887 queris,
493 2839 555 2873 seer.
573 2832 600 2874 ot
611 2826 648 2873 sic
660 2824 730 2872 Man.
743 2822 841 2871 zulich.
860 2831 888 2870 ot
899 2822 989 2870 decem
1010 2824 1064 2884 alii,
1080 2825 1128 2872 nisi
1145 2819 1201 2886 quod

20 2934 25 2943 ,
109 2888 164 2932 sust
175 2887 289 2947 prosint.
308 2888 398 2936 Heius.
416 2890 482 2951 conj.
502 2890 533 2938 N.
550 2888 589 2937 ul.
605 2893 659 2937 eust
670 2888 726 2949 illis,
741 2903 826 2949 quasa
842 2899 901 2934 socr.
912 2889 953 2948 du.
975 2888 1024 2934 Βι.
1052 2889 1087 2935 Ν.
1099 2888 1199 2946 simu.

125 2950 205 3011 uoems,
215 2966 266 3012 que
275 2957 330 2999 sunt
341 2957 465 3000 soen-58
484 2952 591 3000 Plurimi
601 2954 670 3013 ionga
682 2966 728 3013 pro
739 2951 880 3010 longa—oo
893 2949 993 2998 Arund.
1006 2953 1154 3012 simjeceest
1163 2948 1199 3000 lsi.

151 3020 170 3063 t.
186 3020 352 3063 mereat-til
371 3019 411 3065 Sa.
423 3023 451 3063 at
461 3016 522 3127 guin
543 3030 574 3064 ue
587 3016 630 3063 elii
641 3015 698 3064 suil.
712 3017 888 3063 setena-62
905 3015 953 3063 Be.
964 3015 1025 3063 lesu.
1037 3016 1123 3077 attica
1135 3017 1200 3065 ilict

110 3074 152 3129 1³1.
164 3077 229 3140 lpse,¹
246 3078 320 3127 multi
332 3079 409 3127 etism
422 3079 459 3128 Co
480 3078 533 3128 d.il
557 3082 629 3128 .-63
647 3079 688 3126 Ex
707 3079 811 3140 optimis
830 3078 921 3128 Heius.
941 3078 1014 3129 dedit
1030 3086 1150 3144 repostum
1165 3075 1199 3129 elii

609 3213 714 3266 NOPAE

141 3326 172 3370 fit
189 3321 319 3384 Bisquini]
338 3324 498 3375 Decemviri.
516 3327 639 3376 Ceterum
678 3326 840 3388 templrrmin
852 3327 909 3377 foro
921 3327 1033 3380 Olitorio
1044 3329 1196 3396 fuitregione

107 3396 140 3446 de
149 3398 198 3445 irae
207 3410 299 3445 recum
308 3399 421 3449 incertus
431 3402 638 3467 loquatnrNaso,
679 3418 717 3455 ιι.
737 3406 805 3455 istud
822 3423 884 3458 vero
904 3410 929 3458 in
944 3411 1048 3461 Paletio
1065 3413 1166 3475 regione
1173 3423 1195 3459 1.

107 3471 202 3537 eliquid
213 3474 297 3523 lutere
308 3474 350 3524 irio
361 3476 444 3525 minus
455 3478 488 3527 eb
497 3478 553 3542 ipso
564 3480 639 3530 intel·
677 3480 802 3545 Adeoque
830 3485 896 3532 certi
924 3486 968 3533 obi
995 3487 1059 3537 nihil
1082 3487 1196 3549 vide-u,

107 3550 205 3600 lectum
214 3551 339 3613 suspicor.
677 3557 784 3606 eliorum
795 3558 864 3607 ultro
875 3558 983 3609 iacimus
989 3562 1127 3624 judicium.

139 3633 170 3676 ιι
189 3629 324 3691 Principio]
349 3629 474 3680 Kalendis
491 3630 554 3696 ipsis
571 3634 637 3683 Feb·
709 3637 741 3681 68
757 3633 838 3695 lenge
849 3636 900 3697 die]
922 3636 1071 3689 vetustate.

107 3703 205 3752 soeriis.
708 3712 740 3756 oo
757 3708 845 3770 Ducis]
866 3711 1012 3774 Angustum
1021 3715 1194 3779 intelligoque

140 3775 265 3838 Phrygiae]
306 3779 343 3825 Ea
366 3779 465 3841 Cybele
489 3790 539 3841 est,
559 3797 635 3846 quern
676 3783 779 3833 vivente
801 3783 893 3833 Festos
913 3787 1028 3850 scripsit,
1050 3791 1088 3839 uti
1108 3790 1192 3839 diemo

106 3846 203 3897 ldoeam
221 3848 313 3897 ablde
329 3852 451 3914 Phrygiae
463 3859 635 3916 monte,Din·
675 3871 764 3918 serpe:
790 3872 933 3924 quenquam
953 3863 1044 3914 addita
1062 3875 1090 3916 et
1108 3868 1193 3916 nutat!

105 3922 477 3987 dymenen‚aliisqueinsuper
492 3930 635 3980 nominibus
675 3931 798 3978 nonnulla
823 3935 848 3981 in
875 3937 974 3987 Tiberii
1000 3950 1029 3991 et
1060 3933 1192 3993 Gemelli&

105 4012 122 4049 u
134 3998 195 4048 loeis
207 3998 251 4048 nbi
263 4013 293 4047 ea
304 3999 383 4060 culta,
396 4003 604 4062 appellaverunt.
675 4007 793 4071 gratiam.

139 4075 301 4138 Costerurr'se]
328 4074 452 4138 Adeoque
474 4077 499 4124 in
522 4080 635 4145 Palatio,
707 4086 736 4131 61
757 4084 842 4148 Nullo]
864 4090 932 4141 Quia
952 4092 990 4141 itu
1010 4102 1152 4145 restaurate
1167 4092 1190 4141 tl

105 4149 150 4198 ubi
162 4149 259 4214 Cybele
271 4151 395 4214 templum
407 4151 505 4202 hebuit.
674 4173 741 4210 nova
755 4162 912 4217 viderentur.

137 4229 169 4272 oti
185 4224 292 4290 Sospite]
309 4225 462 4276 Delunone
470 4227 581 4291 Sospite,
591 4233 634 4282 cui
706 4241 738 4286 6³
757 4239 863 4304 Positor]
886 4245 953 4294 Quin
973 4247 1064 4307 etiam,
1080 4256 1109 4296 ut
1126 4242 1191 4293 hebet

105 4297 159 4381 Cu.
180 4299 313 4350 Cornelius
343 4301 467 4363 templum
493 4305 564 4352 vovit
586 4309 633 4357 sub
674 4312 822 4374 Suetonius,
847 4317 1009 4382 ‘Principes
1037 4324 1105 4371 siros
1132 4326 1191 4379 sept

103 4371 213 4460 instrunt⁸
227 4374 289 4460 belli
311 4376 448 4438 lnsuhriei,
473 4391 524 4426 noo
545 4387 634 4442 potest
673 4387 1189 4462 tortatuseupuprofscmtsteqntsquu

104 4446 214 4511 intelligi
241 4449 284 4499 lue
305 4453 393 4515 locun
419 4453 545 4519 siquidem
568 4456 633 4509 illud
672 4464 713 4513 uel
725 4468 895 4528 monumentis
905 4472 989 4535 novis,
1001 4473 1043 4524 vel
1058 4471 1157 4527 resectis
1167 4469 1190 4519 ti
