2624 4972
163 618 253 686 1768
499 646 505 655 ·
534 637 567 684 r.
588 634 707 685 ovrnrr
733 635 894 689 ussonia
983 641 991 655 ·

167 775 327 862 Quisquis
341 774 435 858 ades,
449 780 548 846 dixit.
591 782 658 857 Sis3
674 802 696 846 ο
711 782 939 864 pulcherrime,
953 780 1047 846 visus

167 877 322 944 Utiliter:
344 882 553 965 populosque
563 882 661 966 Juves
675 889 733 946 tua
748 902 844 946 sacra
858 882 1016 947 colentes.

166 975 329 1063 Quisquis
346 982 451 1060 adest,
460 985 587 1068 jussum
602 992 799 1048 venerantur
812 1002 950 1065 uumen3
973 989 1008 1049 et
1022 1002 1142 1050 omnes
1195 982 1255 1049 (tut

165 1078 282 1144 Verba
295 1084 479 1149 sucerdotis
489 1085 633 1149 reserunt
645 1086 823 1167 geminata,
837 1087 995 1168 piumque

167 1179 326 1247 AEneadae
344 1193 503 1267 praestant
517 1193 552 1250 et
567 1193 676 1252 mente
690 1195 723 1252 et
736 1206 819 1252 voce
832 1188 991 1252 favorem.

167 1279 296 1347 Annuit
308 1285 379 1350 his:
401 1288 566 1371 metisque
582 1288 675 1352 Deus
688 1295 763 1352 rata
776 1291 916 1372 pignora
929 1287 1054 1366 cristis,

166 1382 235 1447 Ter
249 1390 383 1468 repetita
398 1387 489 1454 dedit
504 1389 633 1455 vibratu
647 1391 747 1454 sibila
757 1392 877 1472 lingue„
1187 1463 1190 1469 ,

166 1484 254 1551 'rum
268 1490 425 1570 gradibus
438 1492 553 1567 nitidis
566 1492 740 1572 delabitur,
753 1512 878 1575 nmque
890 1500 976 1557 retro
1200 1488 1261 1555 685

169 1583 300 1668 Flectit,
315 1597 349 1655 et
361 1593 516 1676 autiquae
529 1593 680 1657 abitums
694 1595 830 1676 respicit
845 1611 940 1672 aran

168 1685 397 1776 Assuetusque
412 1693 541 1770 domos,
556 1694 773 1777 habitataque
786 1695 911 1776 templu
924 1694 1062 1758 salutat.

168 1788 252 1855 Inde
267 1812 327 1875 per
339 1794 476 1878 injectis
491 1795 686 1879 adopertum
700 1797 840 1860 floribus
855 1797 966 1877 ingens

170 1891 283 1975 Serpit
297 1895 442 1974 humum,
456 1899 627 1981 flectitque
640 1900 742 1975 smne,
758 1897 967 1978 mediumque
983 1914 1042 1979 per
1055 1895 1175 1961 urbem

169 1993 292 2059 Tendit
307 1996 350 2059 ad
364 1998 501 2062 incurvo
516 1999 658 2061 munitos
673 2017 789 2080 aggere
804 2005 932 2079 portus.
1203 1994 1269 2060 690·

169 2191 264 2252 linguis,
275 2193 378 2255 quisquis
395 2194 459 2243 odes.
491 2194 533 2244 Sis
548 2201 682 2260 conspectus
697 2196 799 2256 utiliter,
814 2193 1010 2253 ofomosiuiure
1018 2205 1029 2250 ,·
1045 2194 1116 2255 etque
1125 2190 1264 2255 spenser·

167 2255 440 2330 populiseerrerurrtihus
456 2263 497 2306 tuo
515 2274 590 2308 sucro.
626 2261 768 2322 Quicumque
787 2261 852 2307 adest
871 2260 970 2306 odorant
989 2256 1067 2305 Deum
1079 2256 1263 2368 ''mx'‘

168 2334 247 2367 onmes
257 2325 344 2368 iterent
356 2336 422 2368 roceo
439 2324 552 2384 repetitos
561 2327 704 2379 sucerdotisr
720 2328 744 2372 et
754 2324 867 2371 AEneodoe
873 2323 956 2381 forent
967 2322 1006 2384 pis
1016 2320 1096 2368 enisio
1104 2326 1176 2382 etque
1241 2318 1246 2329 '
1257 2351 1264 2367 .

170 2383 237 2431 Deus
246 2386 330 2431 annuit
342 2385 378 2432 hir
387 2400 396 2441 ,·
413 2392 434 2433 et
448 2388 527 2434 cristis
545 2388 646 2447 ogitotis
662 2389 738 2436 enuit
756 2387 825 2434 sibilo
840 2392 877 2434 ter·
896 2388 982 2433 iterato
1000 2385 1085 2445 lingua
1095 2384 1261 2447 vermeque

169 2455 255 2496 essent
266 2454 331 2496 certo
341 2450 450 2510 pignore.
486 2450 544 2497 Tum
553 2453 670 2500 domem
681 2466 723 2514 per
732 2453 824 2513 gradu
832 2452 936 2511 mundos,
947 2454 969 2497 rt
982 2453 1102 2510 retorquet
1111 2453 1192 2511 eaput,
1201 2452 1263 2509 utque

168 2511 310 2561 discessurus
327 2513 424 2575 respicit
439 2515 526 2561 ultorio
545 2517 650 2578 antique,
660 2521 683 2564 et
702 2514 791 2564 solutnt
806 2517 885 2562 domos
902 2518 1007 2561 osmetos
1017 2519 1041 2560 et
1053 2515 1143 2575 templu
1160 2525 1264 2574 possm.

170 2575 236 2625 llisc
247 2592 344 2637 mogum
354 2577 444 2640 obrepit
459 2583 602 2640 perterrens
621 2584 706 2628 tectum
719 2579 822 2644 floribus
838 2579 942 2640 morou,-
957 2582 1028 2639 utque
1043 2578 1126 2637 ogitut
1142 2576 1227 2639 spires,
1242 2579 1263 2623 rt

167 2642 227 2702 petit
238 2645 320 2703 portus
331 2643 428 2690 rullutos
439 2642 533 2690 incuria
544 2658 631 2704 aggere
643 2660 687 2707 per
699 2646 799 2693 medinm
815 2643 903 2690 urbem.
938 2641 988 2689 Hie
997 2640 1118 2703 substitit,
1128 2646 1152 2688 et
1163 2640 1224 2689 risus
1232 2639 1264 2687 di·

630 2782 806 2802 “mm

170 2884 315 2935 furentibus
327 2885 424 2947 obstat,
435 2887 504 2934 Ecce
521 2884 609 2934 Deus.'
642 2885 685 2933 Sic
694 2883 770 2932 Silius
781 2883 825 2931 lib.
837 2896 876 2932 xi.
888 2886 943 2931 652.
976 2882 984 2908 ‘
999 2883 1103 2931 Dextra
1113 2897 1157 2943 en,
1169 2896 1200 2931 en
1210 2879 1264 2931 dex·

172 2949 242 3001 tera?
276 2951 349 3010 Mox,
358 2950 488 3025 linguisque
499 2951 629 3011 animisque
639 2963 677 3011 pr.
690 2949 785 2996 Boset
797 2955 849 2995 tres
859 2947 917 3006 alii;
935 2945 1018 3005 multi,
1029 2946 1121 3008 linguis
1129 2947 1264 3010 omnique:

171 3015 258 3077 vulgo,
277 3016 361 3063 animis
379 3016 517 3076 linguisque.
535 3014 702 3060 iletre-tite
719 3011 783 3058 Ades
801 3025 832 3057 ex
844 3010 931 3058 multis
951 3009 1183 3073 castigatioribus3
1203 3010 1263 3073 vair.

170 3081 244 3127 adest.
264 3080 366 3127 Deinde
379 3087 431 3126 tres
442 3078 531 3140 scripti
543 3078 621 3138 sisque
631 3078 734 3124 o.-uw
750 3075 795 3122 Pr.
807 3075 873 3124 ltlur.
886 3075 939 3134 juo.
949 3074 990 3136 pio
999 3079 1159 3123 suere—68⁰
1175 3074 1265 3123 Jussun

170 3143 266 3191 hubent
283 3158 322 3204 pr.
336 3142 479 3202 llamhurg.
497 3149 524 3188 et
543 3140 594 3188 duo
613 3140 672 3197 ulii3
696 3138 777 3186 ceteri
796 3142 958 3187 uisumr-titil
977 3139 1052 3187 Tert.
1070 3139 1144 3187 hled.
1162 3142 1263 3202 repetunt

170 3206 421 3269 promserunt—682
431 3203 481 3252 Alii
493 3209 517 3251 el
527 3219 580 3251 rore
591 3208 613 3251 et
625 3207 791 3251 mente-684
806 3203 838 3249 Et
849 3208 922 3264 repet.
933 3203 1021 3251 miritae
1036 3202 1104 3251 Edd.
1114 3211 1143 3251 et
1155 3203 1264 3265 plerique

170 3269 262 3382 :till
274 3266 1119 3393 ‘’iltrolllttottlhit⁵”territi{fertiliter
1136 3268 1264 3392 iiiii?

173 3398 208 3446 N.
222 3410 260 3459 pr.
271 3397 302 3446 R.
314 3399 388 3446 Cant.
400 3411 439 3460 pr.
453 3398 511 3445 llas.
526 3395 624 3444 Arund.
637 3402 663 3444 et
675 3395 750 3455 aliir;
776 3397 843 3451 ruia.
863 3396 978 3443 elolhur:
1001 3400 1064 3442 tert.
1075 3394 1151 3443 Med.
1171 3401 1198 3444 et
1217 3400 1263 3442 tres

170 3463 213 3510 ulii
225 3461 348 3510 redebitur
356 3476 365 3517 ,·
382 3476 420 3525 pr.
438 3462 518 3510 (iren.
530 3469 557 3509 et
569 3460 618 3509 dne
637 3460 840 3508 durium-eeu
857 3460 954 3507 thuan.
965 3472 1026 3520 resp.
1043 3462 1204 3508 orces-⁶88
1218 3457 1268 3507 (ie-¹

172 3539 276 3575 nereus.
310 3527 364 3574 lud.
376 3525 535 3588 supersectisr
553 3524 617 3574 Ced.
637 3525 744 3587 Spretii,
763 3523 913 3585 superjectis:
936 3536 976 3585 pr.
999 3521 1082 3570 Gran.
1096 3536 1141 3584 per
1160 3522 1264 3584 ingestu

173 3591 246 3641 Leid.
255 3590 442 3642 incertis—69⁰
459 3589 573 3640 Berolin.
592 3590 697 3639 Tradet
709 3589 879 3637 imru-691
898 3587 999 3635 Viuisn.
1011 3585 1112 3649 turloeq.
1122 3585 1264 3650 srequestu;

671 3765 776 3816 NOTAE

173 3878 293 3928 terrimor
304 3879 426 3928 demonis
444 3881 529 3928 cultus
541 3879 643 3942 qnando
659 3893 703 3928 uu·
744 3876 903 3939 concipiunt,
914 3874 981 3922 bonu
992 3871 1071 3921 verba
1082 3871 1175 3923 dieunt
1183 3874 1263 3923 Romu·

172 3955 265 4014 dimus,
276 3969 326 4003 uon
342 3955 526 4004 exhorrescere
537 3960 645 4015 nutum,
656 3955 702 4003 sed
744 3955 771 4002 ni
783 3952 870 4002 AEneu‘
883 3957 928 4000 rut
938 3949 1062 3997 comitum
1073 3949 1132 4012 ejus
1144 3948 1245 4013 posteri.

173 4043 236 4079 vero
246 4029 306 4078 Deo
317 4029 412 4092 gratias
423 4043 455 4076 ex
467 4027 558 4075 intimo
570 4029 647 4078 eorde
659 4044 703 4077 ex·
776 4032 823 4077 685
842 4025 947 4087 li'itidis]
963 4025 988 4074 Ο
1008 4025 1064 4087 peri
1080 4039 1146 4075 cure
1162 4025 1183 4073 si
1196 4021 1267 4073 corda

174 4119 293 4169 promere
312 4104 446 4166 dehemus,
462 4103 506 4168 qui
526 4117 603 4152 noss
625 4104 703 4153 tantis
744 4105 836 4153 saltem
856 4118 902 4152 sue
921 4100 1058 4149 accedenti
1079 4115 1144 4150 vero
1163 4101 1220 4150 Deo
1237 4098 1265 4148 uh

173 4181 247 4231 malis
256 4180 351 4230 liberos
362 4195 419 4230 erse
429 4179 550 4228 voluerit.
744 4180 922 4243 impurissimis
939 4176 1140 4240 cogitationibus
1157 4191 1267 4242 repurge-

206 4260 255 4304 eeu
271 4258 379 4322 Jussum]
395 4255 472 4310 Quod
489 4255 603 4304 uenerari
618 4270 704 4306 sacer·
744 4265 771 4307 ta
791 4255 930 4307 Christiani
941 4252 1044 4317 plurimi
1063 4261 1192 4316 prestare
1209 4260 1267 4303 satu·

175 4332 221 4380 des
230 4331 351 4393 jusserat.
744 4335 853 4400 gerent!
1252 4388 1256 4399 ,

208 4412 256 4457 682
276 4410 407 4474 Prestont]
424 4408 517 4459 Animo
531 4408 564 4459 ud
581 4425 656 4459 narra
667 4415 705 4459 ut·
776 4414 825 4460 08⁹
848 4404 930 4468 suus]
956 4403 1060 4466 Quippe
1079 4403 1107 4452 in
1122 4405 1265 4469 opimum

177 4494 249 4537 tento
270 4494 398 4549 praestant
418 4486 560 4552 silentium,
581 4486 623 4552 pia
646 4492 705 4535 rota
746 4493 814 4536 torto
827 4476 967 4549 tergoter
978 4493 1074 4543 augures
1084 4487 1245 4544 promoveat.
1265 4528 1270 4539 ,
